@online{bib:axpo:portrait:ch,
    title   = {Axpo Portrait (CH)},
    author  = {Axpo Group},
    url     = {https://www.axpo.com/axpo/ch/en/about-us/portrait.html},
}

@online{bib:axpo:portrait:it,
    title   = {Axpo Portrait (IT)},
    author  = {Axpo Group},
    url     = {https://www.axpo.com/axpo/it/en/about-us/portrait.html},
}