@online{bib:azure:datalake:intro_to_blob_storage,
    title   = {Introduction to Azure Blob storage},
    author  = {Microsoft documentation},
    url     = {https://docs.microsoft.com/en-us/azure/storage/blobs/storage-blobs-introduction},
}

@online{bib:azure:databricks:description,
    title   = {What is Azure Databricks},
    author  = {Microsoft documentation},
    url     = {https://docs.microsoft.com/en-us/azure/azure-databricks/what-is-azure-databricks},
}

@online{bib:azure:wikipedia,
    title   = {Microsoft Azure},
    author  = {Wikipedia},
    url     = {https://en.wikipedia.org/wiki/Microsoft_Azure},
}

@online{bib:azure:databricks:concurrency_limits,
    title   = {Memory and concurrency limits for Azure SQL Data Warehouse},
    author  = {Microsoft documentation},
    url     = {https://docs.microsoft.com/en-us/azure/sql-data-warehouse/memory-and-concurrency-limits#gen2},
}

@online{bib:azure:dwh:mpp,
    title   = {Microsoft SQL Data Warehouse - MPP architecture},
    author  = {Microsoft documentation},
    url     = {https://docs.microsoft.com/en-us/azure/sql-data-warehouse/massively-parallel-processing-mpp-architecture},
}

@online{bib:azure:polybase,
    title   = {What is Polybase?},
    author  = {Microsoft documentation},
    url     = {https://docs.microsoft.com/en-us/sql/relational-databases/polybase/polybase-guide?view=sql-server-ver15},
}

@online{bib:azure:datafactory:intro,
    title   = {Introduction to Azure Data Factory},
    author  = {Microsoft documentation},
    url     = {https://docs.microsoft.com/en-us/azure/data-factory/introduction}
}