@online{bib:entsoe:ftp,
    title   = {SFTP Guide},
    author  = {ENTSO-E},
    url     = {https://transparency.entsoe.eu/content/static_content/Static%20content/knowledge%20base/SFTP-Transparency_Docs.html#extraction-process-availability},
}

@online{bib:enstoe:eic,
    title   = {Energy Identification Codes (EICs)},
    author  = {ENTSO-E},
    url     = {https://www.entsoe.eu/data/energy-identification-codes-eic/},
}