@online{bib:datetime_syntax,
    title   = {Date/Time Format Syntax},
    url     = {http://userguide.icu-project.org/formatparse/datetime#TOC-Date-Time-Format-Syntax},
}

@online{bib:country_codes,
    title   = {List of ISO 3166 country codes},
    author  = {Wikipedia},
    url     = {https://en.wikipedia.org/wiki/List_of_ISO_3166_country_codes#Current_ISO_3166_country_codes},
}

@online{bib:crontab:notation,
    title   = {Understanding Cron Syntax in the Job Scheduler},
    author  = {NetIQ},
    url     = {https://www.netiq.com/documentation/cloud-manager-2-5/ncm-reference/data/bexyssf.html},
}

@online{bib:tests:float_intersect,
    title   = {Using decimal, float, and real Data},
    author  = {Microsoft documentation},
    url     = {https://docs.microsoft.com/en-us/previous-versions/sql/sql-server-2008-r2/ms187912(v=sql.105)#using-float-and-real-data},
}
