@online{bib:gme:mpe,
    author  = {Gestore Mercato Energetico},
    title   = {Mercato elettrico a pronti},
    url     = {http://www.mercatoelettrico.org/it/Mercati/MercatoElettrico/MPE.aspx},
}

