@online{bib:omie:description,
    title   = {Operador do Mercado Ib√©rico de Energia},
    author  = {Europex},
    url     = {https://www.europex.org/members/omie/},
}