@online{bib:related_work:migration:moving_to_cloud,
    title   = {Cloud Migration: How And Why Business Is Moving to the Cloud},
    author  = {DZone},
    url     = {https://dzone.com/articles/cloud-migration-how-and-why-business-is-moving-to},
}

@online{bib:related_work:migration:10_steps,
    title   = {Cloud Migration Checklist: 10 Steps You Need to Follow},
    author  = {New Relic},
    url     = {https://blog.newrelic.com/engineering/cloud-migration-checklist/},
}

@online{bib:related_work:tests:tests1,
    title   = {https://codoid.com/data-quality-checks-data-warehouse-etl/},
    author  = {Codoid},
    url     = {https://codoid.com/data-quality-checks-data-warehouse-etl/},
}

@online{bib:related_work:tests:tests2,
    title   = {ETL Data Quality Testing Best Practices | Codoid | Best Testing Company},
    author  = {Codoid},
    url     = {https://codoid.com/etl-data-quality-testing-best-practices/},
}

@book{bib:related_work:books:architecture,
    title   = {Software Architecture for Big Data and the Cloud},
    author  = {Ivan Mistrik and Rami Bahsoon and Nour Ali and Maritta Heisel and Bruce Maxim},
    url     = {https://books.google.it/books?hl=en&lr=&id=zvPtDQAAQBAJ&oi=fnd&pg=PP1&dq=+datawarehouse+cloud+migration+process},
    year    = {2017},
}

@article{bib:related_work:books:migration,
    title   = {Cloud migration process - A survey, evaluation framework, and open challenges},
    author  = {Mahdi Fahmideh Gholami and Farhad Daneshgar and Graham Low and Ghassan Beydoun},
    url     = {https://www.sciencedirect.com/science/article/pii/S0164121216300966},
    year    = {2016},
    journal = {Journal of Systems and Software},
    volume  = {120},
    pages   = {31-69},
}
