@online{bib:tests:perf:dmv_doc,
    title   = {sys.dm\_exec\_query\_stats},
    author  = {Microsoft documentation},
    url     = {https://docs.microsoft.com/en-us/sql/relational-databases/system-dynamic-management-views/sys-dm-exec-query-stats-transact-sql?view=sql-server-2017},
}

@online{bib:tests:perf:dmv_time,
    title   = {What is difference between last\_worker\_time and last\_elapsed\_time in DMV sys.dm\_exec\_query\_stats?},
    author  = {DBA StackExchange},
    url     = {https://dba.stackexchange.com/questions/31002/what-is-difference-between-last-worker-time-and-last-elapsed-time-in-dmv-sys-dm},
}

@online{bib:tests:perf:heap,
    title   = {Heaps (Tables without Clustered Indexes)},
    author  = {Microsoft documentation},
    url     = {https://docs.microsoft.com/en-us/sql/relational-databases/indexes/heaps-tables-without-clustered-indexes?view=sql-server-2017},
}

@online{bib:tests:perf:indexing,
    title   = {Indexing tables in SQL Data Warehouse},
    author  = {Microsoft documentation},
    url     = {https://docs.microsoft.com/en-us/azure/sql-data-warehouse/sql-data-warehouse-tables-index},
}

@online{bib:tests:perf:columnstore,
    title   = {Clustered Columnstore Index in Azure SQL Database},
    author  = {Microsoft documentation},
    url     = {https://azure.microsoft.com/es-es/blog/clustered-columnstore-index-in-azure-sql-database/},
}

