@online{bib:reply_url,
    title   = "Reply",
    url     = "https://www.reply.com/en/"
}

@online{bib:ark_url,
    title   = "ARK Energy",
    url     = "https://www.ark-energy.eu/"
}

@online{bib:spectron:url,
    title   = {Marex Spectron},
    url     = {https://www.marexspectron.com/},
}

@online{bib:artesian:url,
    title   = {Artesian Portal},
    url     = {https://portal.axpi.arkive.solutions/},
}

@online{bib:bip:url,
    title   = {Business Integration Partners},
    url     = {https://www.businessintegrationpartners.com/},
}

@online{bib:azure:url,
    title   = {Microsoft Azure Portal},
    url     = {https://portal.azure.com/#home},
}

@online{bib:terna_sunset:url,
    title   = {Terna Sunset},
    url     = {https://myterna.terna.it/SunSet/Public/},
}

@online{bib:terna:url,
    title   = {Terna},
    url     = {http://www.terna.it/},
}

@online{bib:meteologica:url,
    title   = {Meteologica},
    url     = {http://www.meteologica.com/},
}