@online{bib:wikipedia:exchange,
    title   = {Exchange (organized market)},
    author  = {Wikipedia},
    url     = {https://en.wikipedia.org/wiki/Exchange_(organized_market)}
}

@online{bib:wikipedia:apx_group,
    title   = {APX Group},
    author  = {Wikipedia},
    url     = {https://en.wikipedia.org/wiki/APX_Group}
}

@online{bib:wikipedia:epex_spot,
    title   = {EPEX SPOT},
    author  = {Wikipedia},
    url     = {https://en.wikipedia.org/wiki/EPEX_SPOT}
}

@online{bib:wikipedia:elia,
    title   = {Elia System Operator},
    author  = {Wikipedia},
    url     = {https://en.wikipedia.org/wiki/Elia_System_Operator}
}

@online{bib:entsoe:info,
    title   = {Who is ENTSO-E?},
    author  = {ENTSO-E},
    url     = {https://www.entsoe.eu/about/inside-entsoe/objectives/}
}

@online{bib:epex:desc,
    title   = {About EPEX SPOT},
    author  = {EPEX SPOT},
    url     = {https://www.epexspot.com/en/company-info/about_epex_spot}
}

@online{bib:rte:desc,
    title   = {RTE France},
    author  = {RTE},
    url     = {https://www.rte-france.com/en/accueil}
}

@online{bib:meteologica:services,
    title   = {Meteologica's services},
    author  = {Meteologica},
    url     = {http://www.meteologica.com/services.html}
}

@online{bib:wikipedia:entsog,
    title   = {European Network of Transmission System Operators for Gas},
    author  = {Wikipedia},
    url     = {https://en.wikipedia.org/wiki/European_Network_of_Transmission_System_Operators_for_Gas},
}

@online{bib:entsog:mission,
    title   = {Mission | ENTSOG},
    author  = {ENTSOG},
    url     = {https://www.entsog.eu/mission},
}